<?xml version="1.0" encoding="UTF-8"?>
<collection xmlns:xsi="http://www.w3.org/2001/XMLSchema-instance" xsi:schemaLocation="http://www.loc.gov/MARC21/slim http://www.loc.gov/standards/marcxml/schema/MARC21slim.xsd" xmlns="http://www.loc.gov/MARC21/slim">
<record>
  <leader>00767cam a22002051  4500</leader>
  <controlfield tag="001">2695220</controlfield>
  <controlfield tag="003">NNC</controlfield>
  <controlfield tag="005">20150920222901.0</controlfield>
  <controlfield tag="008">001004s1965    iq a          000 0 ara d</controlfield>
  <datafield tag="035" ind1=" " ind2=" ">
    <subfield code="a">(OCoLC)ocm45116681</subfield>
  </datafield>
  <datafield tag="035" ind1=" " ind2=" ">
    <subfield code="9">ARE5627CU</subfield>
  </datafield>
  <datafield tag="035" ind1=" " ind2=" ">
    <subfield code="a">(NNC)2695220</subfield>
  </datafield>
  <datafield tag="040" ind1=" " ind2=" ">
    <subfield code="a">ZCU</subfield>
    <subfield code="c">ZCU</subfield>
  </datafield>
  <datafield tag="099" ind1=" " ind2=" ">
    <subfield code="a">956.7</subfield>
    <subfield code="a">Ab32</subfield>
  </datafield>
  <datafield tag="100" ind1="1" ind2=" ">
    <subfield code="a">ʻAbd al-Wahhāb, ʻAṭā.</subfield>
  </datafield>
  <datafield tag="245" ind1="1" ind2="0">
    <subfield code="a">Mustaqbal al-taʾmīn fī al-ʻIrāq,</subfield>
    <subfield code="c">bi-qalam ʻAṭā ʻAbd-al-Wahhāb (al-mudīr al-ʻāmm li-Shirkat al-Taʾmīn al Waṭanīyah) [naṣṣ al-muḥāḍarah allatī ulqiyat masāʾa 21 Shubāṭ 1965 ...]</subfield>
  </datafield>
  <datafield tag="260" ind1=" " ind2=" ">
    <subfield code="a">[Baghdād,</subfield>
    <subfield code="b">Min manshūrāt Shirkat al-Taʾmīn al-Waṭanīyah,</subfield>
    <subfield code="c">1965]</subfield>
  </datafield>
  <datafield tag="300" ind1=" " ind2=" ">
    <subfield code="a">32 p.</subfield>
    <subfield code="b">tables (part fold.)</subfield>
  </datafield>
  <datafield tag="500" ind1=" " ind2=" ">
    <subfield code="a">Cover-title.</subfield>
  </datafield>
  <datafield tag="955" ind1=" " ind2=" ">
    <subfield code="b">0026813025</subfield>
    <subfield code="d">glx</subfield>
    <subfield code="e">956.7 Ab32</subfield>
  </datafield>
</record>
</collection>